<?xml version="1.0" encoding="UTF-8"?><collection xmlns="http://www.loc.gov/MARC21/slim"><record><leader>00558nam--2200181-i-4500</leader><controlfield tag="001">000025892</controlfield><controlfield tag="002">20161230</controlfield><controlfield tag="005">20161230201036</controlfield><controlfield tag="008">060222s1000------------r-----000-0-eng-d</controlfield><datafield ind1=" " ind2=" " tag="040"><subfield code="a">IFIN-HH</subfield></datafield><datafield ind1=" " ind2=" " tag="080"><subfield code="a">538.9(061.3)</subfield></datafield><datafield ind1="1" ind2=" " tag="100"><subfield code="a">Pantoflicek, J</subfield></datafield><datafield ind1="1" ind2="0" tag="245"><subfield code="a">Fourth international seminar on energy transfer in condensed matter</subfield><subfield code="b">Prague, june 30-july 3, 1981</subfield><subfield code="c">J. pantoflicek, l. zachoval (eds.)</subfield></datafield><datafield ind1=" " ind2=" " tag="260"><subfield code="a">Prague</subfield><subfield code="b">Charles University</subfield><subfield code="c">1981</subfield></datafield><datafield ind1=" " ind2=" " tag="300"><subfield code="a">XII + 250P</subfield></datafield><datafield ind1="1" ind2=" " tag="700"><subfield code="a">Zachoval, L</subfield><subfield code="e">Ed</subfield></datafield><datafield ind1=" " ind2=" " tag="852"><subfield code="a">70187</subfield><subfield code="c">539.2</subfield></datafield><datafield ind1=" " ind2=" " tag="CAT"><subfield code="a">Sys</subfield><subfield code="c">20121105</subfield><subfield code="h">121519</subfield></datafield></record></collection>